@article{mariarputham2015nominated,
  title={Nominated texture based cervical cancer classification},
  author={Mariarputham, Edwin Jayasingh and Stephen, Allwin},
  journal={Computational and mathematical methods in medicine},
  volume={2015},
  year={2015},
  publisher={Hindawi}
}

@article{wang_texture_1990,
	title = {Texture classification using texture spectrum},
	volume = {23},
	issn = {00313203},
	url = {https://linkinghub.elsevier.com/retrieve/pii/0031320390901358},
	doi = {10.1016/0031-3203(90)90135-8},
	abstract = {Pursuing our previous study where the Texture Spectrum method has been proposed for texture analysis, the purpose of this paper is to demonstrate the usefulness of the Texture Spectrum for texture classification . Promising results are obtained when applying the Texture Spectrum to classify four of Brodatz's natural images.},
	pages = {905--910},
	number = {8},
	journaltitle = {Pattern Recognition},
	shortjournal = {Pattern Recognition},
	author = {Wang, Li and He, Dong-Chen},
	urldate = {2020-04-27},
	date = {1990-01},
	langid = {english},
	file = {Wang and He - 1990 - Texture classification using texture spectrum.pdf:/home/raniere/Zotero/storage/9G7M3AXY/Wang and He - 1990 - Texture classification using texture spectrum.pdf:application/pdf}
}

@article{scikit-image,
 title = {scikit-image: image processing in {P}ython},
 author = {van der Walt, {S}t\'efan and {S}ch\"onberger, {J}ohannes {L}. and
           {Nunez-Iglesias}, {J}uan and {B}oulogne, {F}ran\c{c}ois and {W}arner,
           {J}oshua {D}. and {Y}ager, {N}eil and {G}ouillart, {E}mmanuelle and
           {Y}u, {T}ony and the scikit-image contributors},
 year = {2014},
 month = {6},
 keywords = {Image processing, Reproducible research, Education,
             Visualization, Open source, Python, Scientific programming},
 volume = {2},
 pages = {e453},
 journal = {PeerJ},
 issn = {2167-8359},
 url = {https://doi.org/10.7717/peerj.453},
 doi = {10.7717/peerj.453}
}

